% This file was created with JabRef 2.7.2.
% Encoding: MacRoman

@article{shannon,
	author = {Shannon, C. E.},
	title = {A Mathematical Theory of Communication},
	journal = {Bell System Technical Journal},
	volume = {27},
	number = {3},
	publisher = {Blackwell Publishing Ltd},
	issn = {1538-7305},
	url = {http://dx.doi.org/10.1002/j.1538-7305.1948.tb01338.x},
	doi = {10.1002/j.1538-7305.1948.tb01338.x},
	pages = {379--423},
	year = {1948},
}

@book{cover-thomas,
 author = {Cover, Thomas M. and Thomas, Joy A.},
 title = {Elements of Information Theory (Wiley Series in Telecommunications and Signal Processing)},
 year = {2006},
 isbn = {0471241954},
 publisher = {Wiley-Interscience},
} 

@comment{jabref-meta: selector_review:}

@comment{jabref-meta: selector_publisher:}

@comment{jabref-meta: selector_author:}

@comment{jabref-meta: selector_journal:}

@comment{jabref-meta: selector_keywords:}

